/home/rapela/dev/research/bibFiles/tracking.bib