/nfs/ghome/live/rapela/dev/research/bibFiles/machineLearning.bib